@article{FKG71,
author = "Fortuin, C. M. and Kasteleyn, P. W. and Ginibre, J.",
fjournal = "Communications in Mathematical Physics",
journal = "Comm. Math. Phys.",
number = "2",
pages = "89--103",
publisher = "Springer",
title = "Correlation inequalities on some partially ordered sets",
url = "https://projecteuclid.org:443/euclid.cmp/1103857443",
volume = "22",
year = "1971"
}

@inproceedings{XHM16,
  author    = {Ji Xu and
               Daniel J. Hsu and
               Arian Maleki},
  title     = {Global Analysis of Expectation Maximization for Mixtures of Two Gaussians},
  booktitle = {Advances in Neural Information Processing Systems 29: Annual Conference
               on Neural Information Processing Systems 2016, December 5-10, 2016,
               Barcelona, Spain},
  pages     = {2676--2684},
  year      = {2016}
}

@inproceedings{D99,
  author    = {Sanjoy Dasgupta},
  title     = {Learning Mixtures of Gaussians},
  booktitle = {40th Annual Symposium on Foundations of Computer Science, {FOCS} '99,
               17-18 October, 1999, New York, NY, {USA}},
  pages     = {634--644},
  year      = {1999}
}

@inproceedings{AK01,
  author    = {Sanjeev Arora and
               Ravi Kannan},
  title     = {Learning mixtures of arbitrary gaussians},
  booktitle = {Proceedings on 33rd Annual {ACM} Symposium on Theory of Computing,
               July 6-8, 2001, Heraklion, Crete, Greece},
  pages     = {247--257},
  year      = {2001}
}


@inproceedings{JZBWJ16,
  author    = {Chi Jin and
               Yuchen Zhang and
               Sivaraman Balakrishnan and
               Martin J. Wainwright and
               Michael I. Jordan},
  title     = {Local Maxima in the Likelihood of Gaussian Mixture Models: Structural
               Results and Algorithmic Consequences},
  booktitle = {Advances in Neural Information Processing Systems 29: Annual Conference
               on Neural Information Processing Systems 2016, December 5-10, 2016,
               Barcelona, Spain},
  pages     = {4116--4124},
  year      = {2016}
}

@inproceedings{W83,
  author    = {C.F. Jeff Wu},
  title     = {On the convergence properties of the EM algorithm},
  booktitle = {The Annals of statistics},
  pages     = {95-103},
  year      = {1983}
}

@inproceedings{DLR77,
  author    = {Arthur Dempster and
               Nan Laird and
               Donald Rubin},
  title     = {Maximum likelihood from incomplete data via the EM algorithm},
  booktitle = {Journal of the royal statistical society},
  pages     = {1-38},
  year      = {1977}
}

@inproceedings{MPP15,
  author    = {Ruta Mehta and
               Ioannis Panageas and
               Georgios Piliouras},
  title     = {Natural Selection as an Inhibitor of Genetic Diversity: Multiplicative
               Weights Updates Algorithm and a Conjecture of Haploid Genetics},
  booktitle = {Proceedings of the 2015 Conference on Innovations in Theoretical Computer
               Science, {ITCS} 2015, Rehovot, Israel, January 11-13, 2015},
  pages     = {73},
  year      = {2015}
}

@inproceedings{LPPSJR17,
 author    = {J. D. Lee and I. Panageas and G. Piliouras and M. Simchowitz and M. I. Jordan and B. Recht},
 title     = {First-order Methods Almost Always Avoid Saddle Points},
 year      = {2017},
 booktitle     = {To appear in Math. Programming}
}
@inproceedings{DP18,
  author    = {Constantinos Daskalakis and
               Ioannis Panageas},
  title     = {The Limit Points of (Optimistic) Gradient Descent in Min-Max Optimization},
  booktitle = {Advances in Neural Information Processing Systems 31: Annual Conference
               on Neural Information Processing Systems 2018, NeurIPS 2018, 3-8 December
               2018, Montr{\'{e}}al, Canada.},
  pages     = {9256--9266},
  year      = {2018}
}


@InProceedings{PP17,
  title={Gradient descent only converges to minimizers: Non-isolated critical points and invariant regions},
  author={Panageas, Ioannis and Piliouras, Georgios},
  booktitle={Innovations of Theoretical Computer Science (ITCS)},
  year={2017}
}

@inproceedings{LSJR16,
  title={Gradient descent only converges to minimizers},
  author={Lee, Jason D and Simchowitz, Max and Jordan, Michael I and Recht, Benjamin},
  booktitle={Conference on Learning Theory},
  pages={1246--1257},
  year={2016}
}

@inproceedings{DTZ17,
  author    = {Constantinos Daskalakis and
               Christos Tzamos and
               Manolis Zampetakis},
  title     = {Ten Steps of {EM} Suffice for Mixtures of Two Gaussians},
  booktitle = {Proceedings of the 30th Conference on Learning Theory, {COLT} 2017,
               Amsterdam, The Netherlands, 7-10 July 2017},
  pages     = {704--710},
  year      = {2017}
}

@inproceedings{DGTZ18,
  author    = {Constantinos Daskalakis and
               Themis Gouleakis and
               Christos Tzamos and
               Manolis Zampetakis},
  title     = {Efficient Statistics, in High Dimensions, from Truncated Samples},
  booktitle = {59th {IEEE} Annual Symposium on Foundations of Computer Science, {FOCS}
               2018, Paris, France, October 7-9, 2018},
  pages     = {639--649},
  year      = {2018} 
}

@article{PA08,
	author = {Lee, Alice and Pearson, Karl},
	title = "{On the Generalised Probable Error in Multiple Normal Correlation}",
	journal = {Biometrika},
	volume = {6},
	number = {1},
	pages = {59-68},
	year = {1908}	
}

@article{F31,
	title={Properties and applications of Hh functions},
	author={Fisher, RA},
	journal={Mathematical tables},
	volume={1},
	pages={815--852},
	year={1931}
}

@article{R76,
	title={Inference and missing data},
	author={Rubin, Donald B},
	journal={Biometrika},
	volume={63},
	number={3},
	pages={581--592},
	year={1976},
	publisher={Oxford University Press}
}

@inproceedings{BM02,
	title={Displaced and mixture diffusions for analytically-tractable smile models},
	author={Brigo, Damiano and Mercurio, Fabio},
	booktitle={Mathematical Financeâ€”Bachelier Congress 2000},
	pages={151--174},
	year={2002},
	organization={Springer}
}

@article{BF08,
	title={Mixture modeling approach to flow cytometry data},
	author={Boedigheimer, Michael J and Ferbas, John},
	journal={Cytometry Part A: The Journal of the International Society for Analytical Cytology},
	volume={73},
	number={5},
	pages={421--429},
	year={2008},
	publisher={Wiley Online Library}
}

@article{APMP07,
	title={A Gaussian mixture model for definition of lung tumor volumes in positron emission tomography},
	author={Aristophanous, Michalis and Penney, Bill C and Martel, Mary K and Pelizzari, Charles A},
	journal={Medical physics},
	volume={34},
	number={11},
	pages={4223--4235},
	year={2007},
	publisher={Wiley Online Library}
}

@article{LS12,
	title={EM algorithms for multivariate Gaussian mixture models with truncated and censored data},
	author={Lee, Gyemin and Scott, Clayton},
	journal={Computational Statistics \& Data Analysis},
	volume={56},
	number={9},
	pages={2816--2829},
	year={2012},
	publisher={Elsevier}
}

@article{MJ88,
	title={Fitting mixture models to grouped and truncated data via the EM algorithm},
	author={McLachlan, GJ and Jones, PN},
	journal={Biometrics},
	pages={571--578},
	year={1988},
	publisher={JSTOR}
}

@inproceedings{KSV05,
	title={The spectral method for general mixture models},
	author={Kannan, Ravindran and Salmasian, Hadi and Vempala, Santosh},
	booktitle={International Conference on Computational Learning Theory},
	pages={444--457},
	year={2005},
	organization={Springer}
}

@inproceedings{CR08,
	title={Learning Mixtures of Product Distributions Using Correlations and Independence.},
	author={Chaudhuri, Kamalika and Rao, Satish},
	booktitle={COLT},
	volume={4},
	number={1},
	pages={9--20},
	year={2008}
}

@article{CDV09,
	title={Learning mixtures of gaussians using the k-means algorithm},
	author={Chaudhuri, Kamalika and Dasgupta, Sanjoy and Vattani, Andrea},
	journal={arXiv preprint arXiv:0912.0086},
	year={2009}
}

@article{BWY15,
	title={Statistical guarantees for the EM algorithm: From population to sample-based analysis},
	author={Balakrishnan, Sivaraman and Wainwright, Martin J and Yu, Bin and others},
	journal={The Annals of Statistics},
	volume={45},
	number={1},
	pages={77--120},
	year={2017},
	publisher={Institute of Mathematical Statistics}
}

@inproceedings{MV10,
	title={Settling the polynomial learnability of mixtures of gaussians},
	author={Moitra, Ankur and Valiant, Gregory},
	booktitle={Foundations of Computer Science (FOCS), 2010 51st Annual IEEE Symposium on},
	pages={93--102},
	year={2010},
	organization={IEEE}
}

@inproceedings{KMV10,
	title={Efficiently learning mixtures of two Gaussians},
	author={Kalai, Adam Tauman and Moitra, Ankur and Valiant, Gregory},
	booktitle={Proceedings of the forty-second ACM symposium on Theory of computing},
	pages={553--562},
	year={2010},
	organization={ACM}
}